<?xml version="1.0" encoding="UTF-8"?><record xmlns="http://www.loc.gov/MARC21/slim" xmlns:cinclude="http://apache.org/cocoon/include/1.0" xmlns:zs="http://www.loc.gov/zing/srw/">
  <leader>00400nz  a2200121n  4500</leader>
  <controlfield tag="001">n  90624266 </controlfield>
  <controlfield tag="003">DLC</controlfield>
  <controlfield tag="005">19900326104004.3</controlfield>
  <controlfield tag="008">900326n| acannaab|          |n aad |||  </controlfield>
  <datafield tag="010" ind1=" " ind2=" ">
    <subfield code="a">n  90624266 </subfield>
  </datafield>
  <datafield tag="040" ind1=" " ind2=" ">
    <subfield code="a">DLC</subfield>
    <subfield code="c">DLC</subfield>
  </datafield>
  <datafield tag="100" ind1="1" ind2="0">
    <subfield code="a">McBeath, Elena Ruth</subfield>
  </datafield>
  <datafield tag="670" ind1=" " ind2=" ">
    <subfield code="a">nuc90-20177: Her Studies of the cytoskeleton by immunocytochemistry, 1984</subfield>
    <subfield code="b">(hdg. on MH-Ar rept.: McBeath, Elena Ruth; usage: Elena Ruth McBeath)</subfield>
  </datafield>
</record>